<record><leader>00000cas a22000007a 4500</leader><controlfield tag="001">18234913</controlfield><controlfield tag="008">880719d18791943nyuwr ne      0    0eng d</controlfield><datafield ind1=" " ind2=" " tag="010"><subfield code="a">sn 88074631 </subfield></datafield><datafield ind1=" " ind2=" " tag="040"><subfield code="a">NYS</subfield><subfield code="b">eng</subfield><subfield code="c">NYS</subfield><subfield code="d">OCL</subfield><subfield code="d">NYS</subfield><subfield code="d">OCLCQ</subfield></datafield><datafield ind1=" " ind2=" " tag="019"><subfield code="a">18268684</subfield><subfield code="a">18269114</subfield></datafield><datafield ind1=" " ind2=" " tag="042"><subfield code="a">msc</subfield></datafield><datafield ind1="0" ind2="4" tag="245"><subfield code="a">The Canajoharie courier.</subfield></datafield><datafield ind1="3" ind2="0" tag="246"><subfield code="a">Wide-awake Canajoharie courier</subfield></datafield><datafield ind1=" " ind2=" " tag="260"><subfield code="a">Canajoharie, N.Y. :</subfield><subfield code="b">Charles Bowen &amp; W.F. Cook</subfield></datafield><datafield ind1=" " ind2=" " tag="300"><subfield code="a">v.</subfield></datafield><datafield ind1=" " ind2=" " tag="310"><subfield code="a">Weekly</subfield></datafield><datafield ind1="0" ind2=" " tag="362"><subfield code="a">Vol. 1, no. 1 (Aug. 9, 1879)-67th yr., no. 3 (Jan. 21, 1943).</subfield></datafield><datafield ind1=" " ind2=" " tag="500"><subfield code="a">Published as: Wide-awake Canajoharie courier, Dec. 4, 1888-Oct. 15, 1889.</subfield></datafield><datafield ind1=" " ind2=" " tag="500"><subfield code="a">June 30, 1938 issue includes supplement titled: "The Beech-Nut Company, its history and activities."</subfield></datafield><datafield ind1=" " ind2="4" tag="651"><subfield code="a">Canajoharie (N.Y.)</subfield><subfield code="v">Newspapers.</subfield></datafield><datafield ind1=" " ind2=" " tag="752"><subfield code="a">United States</subfield><subfield code="b">New York</subfield><subfield code="c">Montgomery</subfield><subfield code="d">Canajoharie.</subfield></datafield><datafield ind1="0" ind2="7" tag="785"><subfield code="t">Fort Plain standard, Fort Plain free press, Mohawk Valley register</subfield><subfield code="w">(DLC)sn 88075733</subfield></datafield><datafield ind1="0" ind2="7" tag="785"><subfield code="t">Canajoharie courier, Fort Plain standard, Fort Plain free press, Mohawk Valley register</subfield><subfield code="w">(DLC)sn 88075734</subfield></datafield><datafield ind1="1" ind2=" " tag="029"><subfield code="a">AU@</subfield><subfield code="b">000025832536</subfield></datafield></record>